<record><leader>00000cas a2200000 a 4500</leader><controlfield tag="001">21096569</controlfield><controlfield tag="008">900220d18311832ctuwr ne      0    0eng c</controlfield><datafield ind1=" " ind2=" " tag="010"><subfield code="a">sn 90065024 </subfield></datafield><datafield ind1=" " ind2=" " tag="040"><subfield code="a">YOX</subfield><subfield code="b">eng</subfield><subfield code="c">YOX</subfield><subfield code="d">KNP</subfield><subfield code="d">DLC</subfield><subfield code="d">NVK</subfield><subfield code="d">OBN</subfield><subfield code="d">OCL</subfield><subfield code="d">CVF</subfield><subfield code="d">NYS</subfield><subfield code="d">DLC</subfield><subfield code="d">KRTAS</subfield><subfield code="d">OCLCQ</subfield><subfield code="d">OCLCF</subfield><subfield code="d">OCLCO</subfield><subfield code="d">CUS</subfield></datafield><datafield ind1=" " ind2=" " tag="042"><subfield code="a">pcc</subfield></datafield><datafield ind1=" " ind2=" " tag="043"><subfield code="a">n-us-ct</subfield></datafield><datafield ind1="0" ind2="0" tag="050"><subfield code="a">Newspaper Microfilm 3285</subfield></datafield><datafield ind1="1" ind2="4" tag="050"><subfield code="a">AN</subfield></datafield><datafield ind1="0" ind2=" " tag="130"><subfield code="a">Religious messenger (Norwich, Conn.)</subfield></datafield><datafield ind1="1" ind2="0" tag="245"><subfield code="a">Religious messenger.</subfield></datafield><datafield ind1=" " ind2=" " tag="260"><subfield code="a">Norwich, Conn. :</subfield><subfield code="b">J. Dunham,</subfield><subfield code="c">1831-1832.</subfield></datafield><datafield ind1=" " ind2=" " tag="300"><subfield code="a">1 v.</subfield></datafield><datafield ind1=" " ind2=" " tag="310"><subfield code="a">Weekly</subfield></datafield><datafield ind1="0" ind2=" " tag="362"><subfield code="a">Vol. 1, no. 1 (June 11, 1831)-v. 2, no. 14 (Sept. 8, 1832).</subfield></datafield><datafield ind1=" " ind2=" " tag="530"><subfield code="a">Available on microfilm from Readex Microprint Corp.</subfield></datafield><datafield ind1=" " ind2="0" tag="651"><subfield code="a">Norwich (Conn.)</subfield><subfield code="v">Newspapers.</subfield></datafield><datafield ind1=" " ind2="0" tag="651"><subfield code="a">New London County (Conn.)</subfield><subfield code="v">Newspapers.</subfield></datafield><datafield ind1=" " ind2="7" tag="651"><subfield code="a">Connecticut</subfield><subfield code="z">New London County.</subfield><subfield code="2">fast</subfield><subfield code="0">(OCoLC)fst01221053</subfield></datafield><datafield ind1=" " ind2="7" tag="651"><subfield code="a">Connecticut</subfield><subfield code="z">Norwich.</subfield><subfield code="2">fast</subfield><subfield code="0">(OCoLC)fst01216259</subfield></datafield><datafield ind1=" " ind2="7" tag="655"><subfield code="a">Newspapers.</subfield><subfield code="2">fast</subfield><subfield code="0">(OCoLC)fst01423814</subfield></datafield><datafield ind1=" " ind2=" " tag="752"><subfield code="a">United States</subfield><subfield code="b">Connecticut</subfield><subfield code="c">New London</subfield><subfield code="d">Norwich.</subfield></datafield><datafield ind1="4" ind2="1" tag="856"><subfield code="3">06/11/1831 to 09/08/1832</subfield><subfield code="u">http://infoweb.newsbank.com/?db=EANX&amp;s_browseRef=decades/1100D71279AAC1A0/all.xml</subfield></datafield><datafield ind1=" " ind2=" " tag="938"><subfield code="a">Kirtas Technologies, Inc.</subfield><subfield code="b">KRTS</subfield><subfield code="n">740369</subfield></datafield></record>